@article{StarlinkMilitariz,
    author = {张恺悦;张煌;王沛文;},
    title = {“星链”军事化发展对太空情报信息安全构成的挑战与应对},
    journal = {情报杂志},
    volume = {},
    number = {},
    pages = {1-9},
    year = {2024},
    issn = {1002-1965},
    doi ={}
}
用于引言，星链

@article{Mate60Pro,
    author = {陈宏},
    title = {全球手机直连卫星应用发展与思考},
    journal = {卫星应用},
    volume = {},
    pages = {37-43},
    year = {2023},
    issn = {1674-9030},
}
用于引言 手机卫星通话 mate60pro

@inproceedings{OnBoardComputer,  
    author={李艺 and 李新明 and 刘东 and 王鹏}, 
    title={空间恶劣环境下星载计算机容错技术研究}, 
    booktitle={全国抗恶劣环境计算机第十九届学术年会论文集}, 
    year={2009}, 
    pages={1-4}, 
    address={郑州}, 
    month={}, 
    organization={《装备指挥技术学院学报》编辑部}, 
}
// 用于星载计算机定义引用

@article{SpaceRadiationEnvironment,
    author = {Zheng, Yihua and Ganushkina, Natalia Yu and Jiggens, Pier and Jun, Insoo and Meier, Matthias and Minow, Joseph I. and O'Brien, T. Paul and Pitchford, Dave and Shprits, Yuri and Tobiska, W. Kent and Xapsos, Michael A. and Guild, Timothy B. and Mazur, Joseph E. and Kuznetsova, Maria M.},
    title = {Space Radiation and Plasma Effects on Satellites and Aviation: Quantities and Metrics for Tracking Performance of Space Weather Environment Models},
    journal = {Space Weather},
    volume = {17},
    number = {10},
    pages = {1384-1403},
    keywords = {space radiation and plasma effects on space assets, validation and metrics, space weather environment models, surface and internal charging, single-event effects, radiation effects at aviation altitudes},
    doi = {https://doi.org/10.1029/2018SW002042},
    url = {https://agupubs.onlinelibrary.wiley.com/doi/abs/10.1029/2018SW002042},
    eprint = {https://agupubs.onlinelibrary.wiley.com/doi/pdf/10.1029/2018SW002042},
    year = {2019}
}
讲诉太空环境，和单粒子效应有哪些, 量化指标，模型

@book{bedingfield1996spacecraft,
  title={Spacecraft system failures and anomalies attributed to the natural space environment},
  author={Bedingfield, Keith L and Leach, Richard D},
  volume={1390},
  year={1996},
  pages          = {11-16},
  publisher={National Aeronautics and Space Administration, Marshall Space Flight Center}
}
主要用于引用SEE造成故障的数据

@article{chinastat,
    author = {  周飞 and     李强 and     信太林 and     韦锡峰 and 张华},
    title = {空间辐射环境引起在轨卫星故障分析与加固对策},
    journal = {航天器环境工程},
    volume = {29},
    pages = {392-396},
    year = {2012},
    issn = {1673-1379},
}
主要用于引用SEE造成故障的数据（国内）

@mastersthesis{COTS2023,
    author = { 宁永康 },
    title = {基于COTS器件的星载计算机多处理器仲裁容错设计},
    school = {中国科学院大学（中国科学院微小卫星创新研究院）},
    year = {2023},
    pages          = {12-51},
}
讲解COTS，避错、排错、容错与预错 硬件冗余、软件冗余、时间冗余和信息冗余
基于完全自校验的三模冗余表决器设计

@article{CTOSUOSAT,
  title={UoSAT microsatellite missions},
  author={Sweeting, MN},
  journal={Electronics \& communication engineering journal},
  volume={4},
  number={3},
  pages={141-150},
  year={1992},
  publisher={IET}
}
现在是引用 UoSAT 使用 COTS

@inproceedings{CTOSnasa,
  title={NASA's Space Environments and Effects (SEE) program: contamination engineering technology development},
  author={Pearson, Steven D and Clifton, K Stuart},
  booktitle={Rough Surface Scattering and Contamination},
  volume={3784},
  pages={4-14},
  year={1999},
  organization={SPIE}
}
现在是引用 NASA 使用 COTS


@conference {chinaCOTSstart,
    author = {  孙辉先 and     蔡金荣 and     王世金 and     林云龙 and     都亨 and     朱光武 and     叶宗海 and     于沛玲 and     常德章 and     叶文学 and     廖方宇 and 姚永龙},
    title = {实践五号卫星科学试验的初步成果},
    booktitle = {中国空间科学学会空间探测专业委员会第十二次学术会议论文集},
    year = {1999},
    pages = {26-30},
    publisher = {中国科学院空间科学与应用研究中心}
}
现在是引用 中国 使用 COTS


@article{innovateNo1,
    author = {  王平 and     孙宁 and     李华旺 and     包海超 and     尹增山 and 刘海涛},
    title = {创新一号小卫星星载计算机控制系统设计},
    journal = {计算机工程},
    pages = {255-257},
    year = {2006},
    issn = {1000-3428},
}
// 创新1号

@InProceedings{COTSx86TSX,
    author="Haas, Florian and Weis, Sebastian and Ungerer, Theo and Pokam, Gilles and Wu, Youfeng",
    title="Fault-Tolerant Execution on COTS Multi-core Processors with Hardware Transactional Memory Support",
    booktitle="Architecture of Computing Systems - ARCS 2017",
    year="2017",
    publisher="Springer International Publishing",
    address="Cham",
    pages="16-30",
    series       = {Lecture Notes in Computer Science},
    volume       = {10172},
}
利用硬件事务内存（Intel TSX）来支持隐式检查点创建和快速回滚。进程的冗余执行和基于签名的计算比较提供了错误检测

@ARTICLE{SEEstart,
  author={Wallmark, J. T. and Marcus, S. M.},
  journal={Proceedings of the IRE}, 
  title={Minimum Size and Maximum Packing Density of Nonredundant Semiconductor Devices}, 
  year={1962},
  volume={50},
  number={3},
  pages={286-298},
  keywords={Semiconductor devices;Assembly systems;Semiconductor impurities;Fabrication;Cosmic rays;Senior members;Ionization;Fluctuations;Negative feedback;Electronic equipment},
  doi={10.1109/JRPROC.1962.288321}
}
最先提出SEE

@INPROCEEDINGS{SoftHardError,
  author={So, Hwisoo and Didehban, Moslem and Shrivastava, Aviral and Lee, Kyoungwoo},
  booktitle={2019 Design, Automation \& Test in Europe Conference \& Exhibition (DATE)}, 
  title={A software-level Redundant MultiThreading for Soft/Hard Error Detection and Recovery}, 
  year={2019},
  volume={},
  number={},
  pages={1559-1562},
  keywords={Instruction sets;Registers;Resilience;Microprocessors;Hardware;Synchronization},
  doi={10.23919/DATE.2019.8715089}
}
分为：硬错误/软错误

% Challenges in Mitigating Soft Errors in Safety-critical Systems with COTS Microprocessors
@INPROCEEDINGS{softErrorRate,
  author={Xiong, Yoni and Chiang, Yueh and Pieper, Nicholas J. and Ball, Dennis R. and Bhuva, Bharat L.},
  booktitle={2023 IEEE International Reliability Physics Symposium (IRPS)}, 
  title={Soft Error Rate Predictions for Terrestrial Neutrons at the 3-nm Bulk FinFET Technology}, 
  year={2023},
  volume={},
  number={},
  pages={1-6},
  keywords={Integrated circuits;Error analysis;Voltage;Predictive models;Neutrons;FinFETs;Market research;soft error;SER;scaling trends;single-event upset;hit current;voltage transient;FinFET},
  doi={10.1109/IRPS48203.2023.10117896}
}

软错误率上升趋势
缓解方法：硬件 软件 信息 时间
测试指标：时间，内存，迁移
错误检测与校正（EDAC）代码 
loo2d 安全架构

@article{FCprobable,
  title={Probabilistic logics and the synthesis of reliable organisms from unreliable components},
  author={Von Neumann, John},
  journal={Automata studies},
  volume={34},
  pages={43-98},
  year={1956}
}
冯诺依曼证明容错的可行性

@mastersthesis {DualPR,
    author = { 冯红斌 },
    title = {基于双进程冗余的软件容错技术研究},
    school = {哈尔滨工程大学},
    year = {2013},
    pages={15-58},
}
可靠性、故障、容错技术、检查点
双进程冗余技术原理，故障检测，检查点设置与卷回恢复技术

@INPROCEEDINGS{FISHER,
  author={So, Hwisoo and Didehban, Moslem and Shrivastava, Aviral and Lee, Kyoungwoo},
  booktitle={2019 Design, Automation & Test in Europe Conference & Exhibition (DATE)}, 
  title={A software-level Redundant MultiThreading for Soft/Hard Error Detection and Recovery}, 
  year={2019},
  volume={},
  number={},
  pages={1559-1562},
  keywords={Instruction sets;Registers;Resilience;Microprocessors;Hardware;Synchronization},
  doi={10.23919/DATE.2019.8715089}
}
基本软件级三重冗余多线程（STRMT）的错误保护能力
FISHER执行三个线程，并在冗余线程之间分配和交织错误检测和恢复操作，而不是使用集中式投票机制

@article{SurveySoftErrorFT,
    author = {Oz, Isil and Arslan, Sanem},
    title = {A Survey on Multithreading Alternatives for Soft Error Fault Tolerance},
    year = {2019},
    issue_date = {March 2020},
    publisher = {Association for Computing Machinery},
    address = {New York, NY, USA},
    volume = {52},
    number = {2},
    journal = {ACM Comput. Surv.},
    month = {mar},
    articleno = {27},
    numpages = {38},
}
故障分类

@INPROCEEDINGS{DMR,
  author={Byung Kook Kim},
  booktitle={Proceedings Sixth International Conference on Real-Time Computing Systems and Applications. RTCSA'99 (Cat. No.PR00306)}, 
  title={Reliability analysis of real-time controllers with dual-modular temporal redundancy}, 
  year={1999},
  volume={},
  number={},
  pages={364-371},
}
// 引入DMR

@INPROCEEDINGS{TMR,
  author={Mitra, S. and McCluskey, E.J.},
  booktitle={Proceedings 18th IEEE VLSI Test Symposium}, 
  title={Word-voter: a new voter design for triple modular redundant systems}, 
  year={2000},
  volume={},
  number={},
  pages={465-470},
}
// 引入TMR

@article{SoR,
    author = {Reinhardt, Steven K. and Mukherjee, Shubhendu S.},
    title = {Transient fault detection via simultaneous multithreading},
    year = {2000},
    issue_date = {May 2000},
    publisher = {Association for Computing Machinery},
    address = {New York, NY, USA},
    volume = {28},
    number = {2},  journal = {SIGARCH Comput. Archit. News},
    month = {may},
    pages = {25–36},
    numpages = {12}
}
引入SOR

@ARTICLE{NASAHardFT,
  author={Cooper, A. E. and Chow, W. T.},
  journal={IBM Journal of Research and Development}, 
  title={Development of On-board Space Computer Systems}, 
  year={1976},
  volume={20},
  number={1},
  pages={5-19},
  keywords={},
  doi={10.1147/rd.201.0005}
}
NASA 逻辑门冗余

@article{gyroR,
 author = {王硕 and 李新明},
 title = {速率陀螺在运载火箭上的应用及冗余方式},
 journal = {导弹与航天运载技术},
 volume = {},
 number = {01},
 pages = {70-73},
 year = {2022},
 issn = {1004-7182},
 doi ={}
}
速率陀螺冗余方式

@article{ActiveRedundancy,
 author = {刘东 and 张春元 and 李瑞},
 title = {基于任务同步的双机容错系统},
 journal = {计算机工程},
 volume = {},
 number = {08},
 pages = {224-226},
 year = {2007},
 issn = {1000-3428},
 doi ={}
}
引用主动冗余

@mastersthesis{StandbyR,
    author = {李洋},
    title = {抗辐射容错计算机的设计与实现},
    school = {哈尔滨工业大学},
    year = {2012},
    pages = {15-27}
}
分类

@article{hotStandby,
  title={Reliability and availability analysis for an on board computer in a satellite system using standby redundancy and rejuvenation},
  author={Kim, Dong Seong and Lee, Sang Min and Jung, Jin-Hyun and Kim, Tae Hwan and Lee, Seulki and Park, Jong Sou},
  journal={Journal of mechanical science and technology},
  volume={26},
  pages={2059--2063},
  year={2012},
  publisher={Springer}
}
热备

@article{paritycheckcodes,
  title={Low-density parity-check codes},
  author={Gallager, Robert},
  journal={IRE Transactions on information theory},
  volume={8},
  number={1},
  pages={21--28},
  year={1962},
  publisher={IEEE}
}
奇偶校验码

@article{CRC,
  title={Computation of cyclic redundancy checks via table look-up},
  author={Sarwate, Dilip V.},
  journal={Communications of the ACM},
  volume={31},
  number={8},
  pages={1008--1013},
  year={1988},
  publisher={ACM New York, NY, USA}
}
循环冗余校验码

@ARTICLE{HammingCode,
  author={Marcovitz, A.},
  journal={IRE Transactions on Information Theory}, 
  title={Sequential generation and decoding of the P-nary Hamming code }, 
  year={1961},
  volume={7},
  number={1},
  pages={53-54},
  doi={10.1109/TIT.1961.1057611}
}
海明码

@article{convolutionalCode,
  title={Convolutional codes and their performance in communication systems},
  author={Viterbi, Andrew},
  journal={IEEE Transactions on Communication Technology},
  volume={19},
  number={5},
  pages={751-772},
  year={1971},
  publisher={IEEE}
}
卷积码

@INPROCEEDINGS{timeR,
  author={Anghel, L. and Alexandrescu, D. and Nicolaidis, M.},
  booktitle={Proceedings 13th Symposium on Integrated Circuits and Systems Design (Cat. No.PR00843)}, 
  title={Evaluation of a soft error tolerance technique based on time and/or space redundancy}, 
  year={2000},
  volume={},
  number={},
  pages={237-242},
  keywords={Circuit testing;Fault tolerance;Circuit simulation;Discrete event simulation;Silicon;Power supplies;Integrated circuit noise;Manufacturing;Redundancy;Arithmetic},
  doi={10.1109/SBCCI.2000.876036}
}
时间冗余

@ARTICLE{instructionRetry,
  author={Shyh-Kwei Chen and Fuchs, W.K.},
  journal={IEEE Transactions on Parallel and Distributed Systems}, 
  title={Compiler-assisted multiple instruction word retry for VLIW architectures}, 
  year={2001},
  volume={12},
  number={12},
  pages={1293-1304},
  keywords={VLIW;Processor scheduling;Parallel processing;Hardware;Electromagnetic transients;Delay;Redundancy;Hazards;Computer architecture;Registers},
  doi={10.1109/71.970564}
}
指令复执

@ARTICLE{Rollback,
  author={Mirhosseini, Amirhossein and Agrawal, Aditya and Torrellas, Josep},
  journal={IEEE Computer Architecture Letters}, 
  title={Survive: Pointer-Based In-DRAM Incremental Checkpointing for Low-Cost Data Persistence and Rollback-Recovery}, 
  year={2017},
  volume={16},
  number={2},
  pages={153-157},
  keywords={Nonvolatile memory;Checkpointing;Random access memory;Computer crashes;Computer architecture;Transistors;Non-volatile memory;checkpointing;reliability},
  doi={10.1109/LCA.2016.2646340}
}
程序卷回

@INPROCEEDINGS{RedundantExecution,
  author={Liu, Zijing and Zhang, Zheng and Xi, Ruicheng and Zhu, Pengzhe and Ma, Bolin},
  booktitle={2021 International Conference on Advanced Computing and Endogenous Security}, 
  title={SoK: A Survey on Redundant Execution Technology}, 
  year={2022},
  volume={},
  number={},
  pages={1-14},
  keywords={Fault tolerant systems;Redundancy;Cyberspace;Games;Computer architecture;Hardware;Safety;redundant execution;fault tolerance;intrusion tolerance;multi-threading;multiple variants},
  doi={10.1109/IEEECONF52377.2022.10013333}
}
冗余执行

@inproceedings{lookstep,
  title={Interconnecting lock-step synchronous fault-tolerant systems based on voting and error-correcting codes},
  author={Krol, Thijs},
  booktitle={Proceedings 1999 Pacific Rim International Symposium on Dependable Computing},
  pages={62--69},
  year={1999},
  organization={IEEE}
}
引入锁步


@inproceedings{CMPSMT,
  title={Performance, energy, and thermal considerations for SMT and CMP architectures},
  author={Li, Yingmin and Skadron, Kevin and Brooks, David and Hu, Zhigang},
  booktitle={11th International Symposium on High-Performance Computer Architecture},
  pages={71--82},
  year={2005},
  organization={IEEE}
}
引入 CMP 和 SMT

@INPROCEEDINGS{RMT,
  author={Dorai, G.K. and Yeung, D.},
  booktitle={Proceedings.International Conference on Parallel Architectures and Compilation Techniques}, 
  title={Transparent threads: resource sharing in SMT processors for high single-thread performance}, 
  year={2002},
  volume={},
  number={},
  pages={30-41},
  keywords={Yarn;Resource management;Surface-mount technology;Prefetching;Interference;Degradation;Throughput;Instruments;Performance gain;Software performance},
  doi={10.1109/PACT.2002.1105971}
}
引入RMT

@inproceedings{Stratusftserver,
  title={High continuous availability digital information system based on stratus Fault-Tolerant server},
  author={Yucheng, Liu and Yubin, Liu},
  booktitle={2010 International Forum on Information Technology and Applications},
  volume={2},
  pages={184--187},
  year={2010},
  organization={IEEE}
}
// 锁步：Stratus ftserver

@inproceedings{hpNonStop,
  title={Data integrity in HP NonStop servers},
  author={Wood, Alan and Jardine, Robert and Bartlett, Wendy},
  booktitle={Workshop on SELSE},
  year={2006}
}
// 锁步：惠普不停机

@article{IBM,
  title={IBM S/390 parallel enterprise server G5 fault tolerance: A historical perspective},
  author={Spainhower, Lisa and Gregg, Thomas A},
  journal={IBM Journal of Research and Development},
  volume={43},
  number={5.6},
  pages={863--873},
  year={1999},
  publisher={IBM}
}
// 锁步：IBM

@INPROCEEDINGS{AR-SMT,
  author={Rotenberg, E.},
  booktitle={Digest of Papers. Twenty-Ninth Annual International Symposium on Fault-Tolerant Computing}, 
  title={AR-SMT: a microarchitectural approach to fault tolerance in microprocessors}, 
  year={1999},
  volume={},
  number={},
  pages={84-91},
  keywords={Microarchitecture;Fault tolerance;Microprocessors;Circuit faults;Clocks;Logic design;Redundancy;Hardware;Multithreading;Circuit synthesis},
  doi={10.1109/FTCS.1999.781037}
}
// AR-SMT 冗余方法

@INPROCEEDINGS{CRT,
  author={Mukherjee, S.S. and Kontz, M. and Reinhardt, S.K.},
  booktitle={Proceedings 29th Annual International Symposium on Computer Architecture}, 
  title={Detailed design and evaluation of redundant multi-threading alternatives}, 
  year={2002},
  volume={},
  number={},
  pages={99-110},
  keywords={Multithreading;Yarn;Microprocessors;Surface-mount technology;Fault detection;Process design;Voltage;Hardware;Transistors;Degradation},
  doi={10.1109/ISCA.2002.1003566}
}
// 多核的冗余模型

@ARTICLE{EDDI,
  author={Oh, N. and Shirvani, P.P. and McCluskey, E.J.},
  journal={IEEE Transactions on Reliability}, 
  title={Error detection by duplicated instructions in super-scalar processors}, 
  year={2002},
  volume={51},
  number={1},
  pages={63-75},
  keywords={Hardware;Fault detection;Computer errors;Single event upset;Event detection;Parallel processing;Error correction;Computer architecture;Redundancy;Registers},
  doi={10.1109/24.994913}
}
// 指令冗余：EDDI算法

@phdthesis{EDDIImprove,
 author = {高珑},
 title = {面向硬件故障的软件容错},
 school = {国防科学技术大学},
 pages       = {10-24},
 year = {2009}
}


@INPROCEEDINGS{SWIFT,
  author={Reis, G.A. and Chang, J. and Vachharajani, N. and Rangan, R. and August, D.I.},
  booktitle={International Symposium on Code Generation and Optimization}, 
  title={SWIFT: software implemented fault tolerance}, 
  year={2005},
  volume={},
  number={},
  pages={243-254},
  keywords={Fault tolerance;Process design;Voltage;Noise reduction;Noise level;Clocks;Power system reliability;Hardware;Resource management;Redundancy},
  doi={10.1109/CGO.2005.34}
}
// 指令冗余： SWIFT 算法 

@article{instructR1,
    title = {Android based malware detection using a multifeature collaborative decision fusion approach},
    journal = {Neurocomputing},
    volume = {151},
    pages = {905-912},
    year = {2015},
    issn = {0925-2312},
    author = {Shina Sheen and R. Anitha and V. Natarajan},
    keywords = {Android, Malware, Multifeature, Collaborative decision fusion},
}
// 指令冗余： SWIFT 算法 优化

@ARTICLE{CFCSS,
  author={Oh, N. and Shirvani, P.P. and McCluskey, E.J.},
  journal={IEEE Transactions on Reliability}, 
  title={Control-flow checking by software signatures}, 
  year={2002},
  volume={51},
  number={1},
  pages={111-122},
  keywords={Monitoring;Runtime;Error correction;Hardware;Multitasking;Central Processing Unit;Process control;Operating systems;Fault detection;Satellites},
  doi={10.1109/24.994926}
}
// 基于标签控制流检测算法

@mastersthesis{instructR2,
 author = {卢相志},
 title = {基于时间冗余的指令级容错机制设计},
 school = {山东大学},
 pages = {33-57},
 year = {2016}
}
// 指令冗余： SWIFT 算法 优化

@ARTICLE{SWIFTR,
  author={Reis, George A. and Chang, Jonathan and August, David I.},
  journal={IEEE Micro}, 
  title={Automatic Instruction-Level Software-Only Recovery}, 
  year={2007},
  volume={27},
  number={1},
  pages={36-47},
  keywords={Fault detection;Protection;Hardware;Fault tolerance;Costs;Motion pictures;Computer crashes;Rendering (computer graphics);Application software;Microprocessors;reliability;fault tolerance;software-only fault tolerance;fault recovery},
  doi={10.1109/MM.2007.4}
}
// 编译器辅助的冗余方法

@ARTICLE{plr,
  author={Shye, Alex and Blomstedt, Joseph and Moseley, Tipp and Reddi, Vijay Janapa and Connors, Daniel A.},
  journal={IEEE Transactions on Dependable and Secure Computing}, 
  title={PLR: A Software Approach to Transient Fault Tolerance for Multicore Architectures}, 
  year={2009},
  volume={6},
  number={2},
  pages={135-148},
  keywords={Fault tolerance;Multicore processing;Computer architecture;Hardware;Redundancy;Application software;Operating systems;Microprocessors;Software prototyping;Prototypes;Fault tolerance;reliability;transient faults;soft errors;process-level redundancy.;Fault-tolerance;Redundant design},
  doi={10.1109/TDSC.2008.62}
}
plr 多进程冗余

@INPROCEEDINGS{SRMT,
  author={Wang, Cheng and Kim, Ho-seop and Wu, Youfeng and Ying, Victor},
  booktitle={International Symposium on Code Generation and Optimization (CGO'07)}, 
  title={Compiler-Managed Software-based Redundant Multi-Threading for Transient Fault Detection}, 
  year={2007},
  volume={},
  number={},
  pages={244-258},
  keywords={Fault detection;Yarn;Hardware;Binary codes;Optimizing compilers;Data communication;Multithreading;Application software;Libraries;Program processors},
  doi={10.1109/CGO.2007.7}
}
// SRMT 线程级冗余

@inproceedings{Pin,
    author = {Luk, Chi-Keung and Cohn, Robert and Muth, Robert and Patil, Harish and Klauser, Artur and Lowney, Geoff and Wallace, Steven and Reddi, Vijay Janapa and Hazelwood, Kim},
    title = {Pin: building customized program analysis tools with dynamic instrumentation},
    year = {2005},
    isbn = {1595930566},
    publisher = {Association for Computing Machinery},
    address = {New York, NY, USA},
    url = {https://doi.org/10.1145/1065010.1065034},
    doi = {10.1145/1065010.1065034},
    booktitle = {Proceedings of the 2005 ACM SIGPLAN Conference on Programming Language Design and Implementation},
    pages = {190–200},
    numpages = {11},
    keywords = {dynamic compilation, instrumentation, program analysis tools},
    location = {Chicago, IL, USA},
    series = {PLDI '05}
}
// pin 动态插桩工具

@INPROCEEDINGS{questv,
  author={Li, Ye and West, Richard and Cheng, Zhuoqun and Missimer, Eric},
  booktitle={2014 IEEE Real-Time Systems Symposium}, 
  title={Predictable Communication and Migration in the Quest-V Separation Kernel}, 
  year={2014},
  volume={},
  number={},
  pages={272-283},
  keywords={Message systems;Kernel;Real-time systems;Monitoring;Hardware;Communication channels;Instruction sets;separation kernel;virtualization;real-time communication;process migration},
  doi={10.1109/RTSS.2014.17}
}
// 虚拟机冗余：questv

@inproceedings{VMFIT,
  title={VM-FIT: Supporting intrusion tolerance with virtualisation technology},
  author={Reiser, Hans P and Kapitza, R{\"u}diger},
  booktitle={Proceedings of the Workshop on Recent Advances on Intrusion-Tolerant Systems},
  pages           = {2-5},
  year={2007}
}
// 虚拟机冗余：VMFIT

@inproceedings{HVFT,
  title={Hypervisor-based virtual hardware for fault tolerance in COTS processors targeting space applications},
  author={Campagna, Salvatore and Hussain, Moazzam and Violante, Massimo},
  booktitle={2010 IEEE 25th International Symposium on Defect and Fault Tolerance in VLSI Systems},
  pages={44--51},
  year={2010},
  organization={IEEE}
}
// 虚拟机冗余HVFT


@inproceedings{ProcessMigration,
    author = {Powell, Michael L. and Miller, Barton P.},
    title = {Process migration in DEMOS/MP},
    year = {1983},
    isbn = {0897911156},
    publisher = {Association for Computing Machinery},
    address = {New York, NY, USA},
    booktitle = {Proceedings of the Ninth ACM Symposium on Operating Systems Principles},
    pages = {110–119},
    numpages = {10},
    location = {Bretton Woods, New Hampshire, USA},
    series = {SOSP '83}
}
// 进程迁移

@INPROCEEDINGS{liveMigration,
  author={Wang, Chao and Mueller, Frank and Engelmann, Christian and Scott, Stephen L.},
  booktitle={SC '08: Proceedings of the 2008 ACM/IEEE Conference on Supercomputing}, 
  title={Proactive process-level live migration in HPC environments}, 
  year={2008},
  volume={},
  number={},
  pages={1-12},
  keywords={Condition monitoring;Computer science;Fault tolerant systems;Middleware;Temperature sensors;US Department of Energy;Chaos;Mathematics;Fault tolerance;Operating systems},
  doi={10.1109/SC.2008.5222634}
}


@ARTICLE{checkpoint,
  author={Koo, R. and Toueg, S.},
  journal={IEEE Transactions on Software Engineering}, 
  title={Checkpointing and Rollback-Recovery for Distributed Systems}, 
  year={1987},
  volume={SE-13},
  number={1},
  pages={23-31},
  keywords={Checkpointing;Distributed algorithms;Fault tolerant systems;Hardware;Resumes;Fault tolerance;Computer science;Distributed computing;Checkpoint;consistent state;distributed systems;fault-tolerance;rollback-recovery},
  doi={10.1109/TSE.1987.232562}
}

@article{condor,
  title={The condor distributed processing system},
  author={Tannenbaum, Todd and Litzkow, Michael},
  journal={Dr Dobb's Journal-Software Tools for the Professional Programmer},
  volume={20},
  number={2},
  pages={40--49},
  year={1995},
  publisher={Redwood City, CA: M\&T Pub., 1989-}
}
// checkpoint： 数据库系统按一定的间隔时间强制地保存一些必要信息，在发生系统级故障后使用它们来恢复数据库的一种恢复机制
// 检查点：condor

@book{Libckpt,
  title={Libckpt: Transparent checkpointing under unix},
  author={Plank, James S and Beck, Micah and Kingsley, Gerry and Li, Kai},
  year={1994},
  pages={213-223},
  publisher={Computer Science Department}
}
// 检查点：Libckpt

@inproceedings{BLCR,
  title={Berkeley lab checkpoint/restart (blcr) for linux clusters},
  author={Hargrove, Paul H and Duell, Jason C},
  booktitle={Journal of Physics: Conference Series},
  volume={46},
  number={1},
  pages={494-496},
  year={2006},
  organization={IOP Publishing}
}
// 检查点：BLCR

@mastersthesis{CKPT,
 author = {王霞},
 title = {基于检查点的任务迁移方法研究},
 school = {东南大学},
 pages = {23-44},
 year = {2022}
}
// 检查点：CKPT

@mastersthesis{MLCP,
 author = {刘衔},
 title = {基于强化学习的流应用动态自适应检查点机制},
 school = {哈尔滨工业大学},
 pages = {},
 year = {2021}
}
// 检查点：强化学习 动态设置周期

@inproceedings{RecoveryBlock,
  title={Recovery blocks and algorithm-based fault tolerance},
  author={Tyrrell, Andrew M},
  booktitle={Proceedings of EUROMICRO 96. 22nd Euromicro Conference. Beyond 2000: Hardware and Software Design Strategies},
  pages={292--299},
  year={1996},
  organization={IEEE}
}
// 恢复块算法
https://www.cse.psu.edu/~mtk2/slides4.pdf

@mastersthesis { RecoveryBlockDrawback,
author = { 李利军 },
title = {星载双机热备份计算机系统设计},
school = {西安电子科技大学},
year = {2010},
pages           = {13-16},
}

@ARTICLE{NVP,
  author={Lyu, M.R. and He, Y.-T.},
  journal={IEEE Transactions on Reliability}, 
  title={Improving the N-version programming process through the evolution of a design paradigm}, 
  year={1993},
  volume={42},
  number={2},
  pages={179-189},
  keywords={Genetic programming;Mathematical programming;Fault tolerance;Software testing;Application software;Software engineering;Modems;Fault tolerant systems;Cities and towns},
  doi={10.1109/24.229486}
}
// N 版本编程

@inproceedings{FER,
  title={Roll-forward error recovery in embedded real-time systems},
  author={Xu, Jie and Randell, Brian},
  booktitle={Proceedings of 1996 International Conference on Parallel and distributed systems},
  pages={414--421},
  year={1996},
  organization={IEEE}
}
// 前向恢复

@article{BER,
  title={Error recovery in asynchronous systems},
  author={Campbell, Roy H and Randell, Brian},
  journal={IEEE transactions on software engineering},
  number={8},
  pages={811--826},
  year={1986},
  publisher={IEEE}
}
// 后向恢复

@inproceedings{ARGOS,
  title={Strategies for fault-tolerant, space-based computing: Lessons learned from the ARGOS testbed},
  author={Lovellette, Michael N and Wood, KS and Wood, DL and Beall, Jim H and Shirvani, Philip P and Oh, Namsuk and McCluskey, Edward J},
  booktitle={Proceedings, IEEE Aerospace Conference},
  volume={5},
  pages={5--5},
  year={2002},
  organization={IEEE}
}
// CTOS 发展：ARGOS 卫星

@article{Alsat-1,
  title={A real time EDAC system for applications onboard earth observation small satellites},
  author={Bentoutou, Y},
  journal={IEEE Transactions on Aerospace and Electronic Systems},
  volume={48},
  number={1},
  pages={648--657},
  year={2012},
  publisher={IEEE}
}
// CTOS 发展： Alsat-1 卫星

@inproceedings{TacSst-2,
  title={Radiation Hardened High-Performance Image Processing System for new responsive space missions},
  author={Strobel, David and Czajkowski, David and Li, Edward},
  booktitle={AIAA SPACE 2009 Conference \& Exposition},
  pages={6415},
  year={2009}
}
// CTOS 发展： TacSst-2 卫星

@inproceedings{CFESat,
  title={On-orbit flight results from the reconfigurable cibola flight experiment satellite (CFESat)},
  author={Caffrey, Michael and Morgan, Keith and Roussel-Dupre, Diane and Robinson, Scott and Nelson, Anthony and Salazar, Anthony and Wirthlin, Michael and Howes, William and Richins, Daniel},
  booktitle={2009 17th IEEE Symposium on Field Programmable Custom Computing Machines},
  pages={3--10},
  year={2009},
  organization={IEEE}
}
// CTOS 发展： CFESat 试验卫星 

@inproceedings{Flying,
  title={FPGA-based on-board computers for reconfigurable computing on space systems},
  author={Kuwahara, Toshinori and Dittmar, M and Ziemke, C and R{\"o}ser, HP},
  booktitle={60th International Astronautical Congress 2009, IAC 2009},
  pages={3812--3817},
  year={2009}
}
// CTOS 发展： Flying Laptop 试验卫星 

@article{SpaceX,
  title={Overview of commercial small satellite systems in the “New Space” age},
  author={Logue, Timothy J and Pelton, Joseph},
  journal={Handbook of Small Satellites: Technology, Design, Manufacture, Applications, Economics and Regulation},
  pages={1--18},
  year={2019},
  publisher={Springer}
}
// CTOS 发展：SpaceX

@article{TS-1 ,
    author = {曲峰, 崔刚},
    title = {TS-1.1 小卫星星务计算机系统设计},
    publisher = {计算机工程与科学},
    year = {2002},
    journal = {计算机工程与科学},
    volume = {24},
    number = {2},
    eid = {96},
    pages = {96-98},
}
// CTOS 发展： TS-1 小卫星

@article{MCUCar,
    author = {  刘凯俊 and     彭攀 and 王新元},
    title = {基于COTS器件的高费效比商业卫星计算机研究},
    journal = {计算机测量与控制},
    volume = {26},
    pages = {213-217},
    year = {2018},
    issn = {1671-4598},
}
// CTOS 发展： TS-1 小卫星

@ARTICLE{FaultErrorFailure,
  author={Nelson, V.P.},
  journal={Computer}, 
  title={Fault-tolerant computing: fundamental concepts}, 
  year={1990},
  volume={23},
  number={7},
  pages={19-25},
  keywords={Fault tolerance;Error correction codes;Fault detection;Hardware;Digital systems;Fault tolerant systems;Fault diagnosis;Reconfigurable logic;Protocols;Timing},
  doi={10.1109/2.56849}
}
基本概念
// 引用：故障 错误，失效 


@article{DataControlFlow,
    author = {Schuster, Simon and Ulbrich, Peter and Stilkerich, Isabella and Dietrich, Christian and Schr\"{o}Der-Preikschat, Wolfgang},
    title = {Demystifying Soft-Error Mitigation by Control-Flow Checking -- A New Perspective on its Effectiveness},
    year = {2017},
    issue_date = {October 2017},
    publisher = {Association for Computing Machinery},
    address = {New York, NY, USA},
    volume = {16},
    number = {5s},
    journal = {ACM Trans. Embed. Comput. Syst.},
    month = {sep},
    articleno = {180},
    numpages = {19},
    keywords = {software-based fault tolerance, reliability metrics, fault-injection experiments, fault-coverage, control-flow checking, absolute-failure-count metrics, YACCA, Soft error mitigation, CFCSS, CFC}
}
// 引用：数据流和控制流

@INPROCEEDINGS{SoftErrorProblem,
  author={Mukherjee, S.S. and Emer, J. and Reinhardt, S.K.},
  booktitle={11th International Symposium on High-Performance Computer Architecture}, 
  title={The soft error problem: an architectural perspective}, 
  year={2005},
  volume={},
  number={},
  pages={243-247},
  keywords={Error analysis;Computer errors;Error correction;Pollution measurement;Alpha particles;Computer architecture;Additives;Particle measurements;Semiconductor device measurement;Testing},
  doi={10.1109/HPCA.2005.37}
}
// 引入 SDC DUE

@ARTICLE{ECC,
  author={Drukarev, A. and Kai Yiu},
  journal={IEEE Transactions on Communications}, 
  title={Performance of Error-Correcting Codes on Channels with Memory}, 
  year={1986},
  volume={34},
  number={6},
  pages={513-521},
  keywords={Error correction codes;Decoding;Error probability;Bit error rate;Magnetic recording;Interleaved codes;Error analysis;Error correction;Upper bound;Data analysis},
  doi={10.1109/TCOM.1986.1096575}
}
引用 ECC 内存
A Survey of Fault-Tolerant Processor Based on Error Correction Code

@article{ErrorAvoidance,
 author = {杨孟飞,郭树玲,孙增圻},
 title = {航天器控制应用的星载计算机技术},
 journal = {航天控制},
 volume = {},
 number = {02},
 pages = {69-73},
 year = {2005},
 issn = {1006-3242},
 doi ={10.16804/j.cnki.issn1006-3242.2005.02.014}
}
// 避错 纠错

@article{SOI,
  title={Adiabatic nanofocusing in hybrid gap plasmon waveguides on the silicon-on-insulator platform},
  author={Nielsen, Michael P and Lafone, Lucas and Rakovich, Aliaksandra and Sidiropoulos, Themistoklis PH and Rahmani, Mohsen and Maier, Stefan A and Oulton, Rupert F},
  journal={Nano letters},
  volume={16},
  number={2},
  pages={1410--1414},
  year={2016},
  publisher={ACS Publications}
}

避错 SOI 

@inproceedings{ptrace,
    author = {Holl, Tobias and Klocke, Philipp and Franzen, Fabian and Kirsch, Julian},
    title = {Kernel-Assisted Debugging of Linux Applications},
    year = {2018},
    isbn = {9781450361712},
    publisher = {Association for Computing Machinery},
    address = {New York, NY, USA},
    booktitle = {Proceedings of the 2nd Reversing and Offensive-Oriented Trends Symposium},
    articleno = {3},
    numpages = {9},
    keywords = {uprobes, ptrace, debugging, debugger detection, Linux, GDB},
    location = {Vienna, Austria},
    series = {ROOTS '18}
}
ptrace

@INPROCEEDINGS{CRC32,
  author={Abdulnabi, Mohamed S. and Ahmed, Hisham},
  booktitle={2018 International Conference on Computer, Control, Electrical, and Electronics Engineering (ICCCEEE)}, 
  title={Design of Efficient Cyclic Redundancy Check-32 using FPGA}, 
  year={2018},
  volume={},
  number={},
  pages={1-5},
  keywords={CRC32;FPGA;Xilinx},
  doi={10.1109/ICCCEEE.2018.8515877}
}

@InProceedings{SipHash,
    author="Aumasson, Jean-Philippe and Bernstein, Daniel J.",
    editor="Galbraith, Steven and Nandi, Mridul",
    title="SipHash: A Fast Short-Input PRF",
    booktitle="Progress in Cryptology - INDOCRYPT 2012",
    year="2012",
    publisher="Springer Berlin Heidelberg",
    address="Berlin, Heidelberg",
    pages="489-508",
}

@article{Virtualization,
    author = {Ahmed, Bakhan},
    year = {2020},
    month = {09},
    pages = {346-355},
    title = {Virtualization mechanisms and its tools: A comprehensive survey},
    volume = {9},
}

@inproceedings{qemu,
    author = {Bellard, Fabrice},
    title = {QEMU, a fast and portable dynamic translator},
    year = {2005},
    publisher = {USENIX Association},
    address = {USA},
    booktitle = {Proceedings of the Annual Conference on USENIX Annual Technical Conference},
    pages = {41},
    numpages = {1},
    location = {Anaheim, CA},
    series = {ATEC '05}
}

@article{kvm,
    author = {Dall, Christoffer and Nieh, Jason},
    title = {KVM/ARM: the design and implementation of the linux ARM hypervisor},
    year = {2014},
    issue_date = {April 2014},
    publisher = {Association for Computing Machinery},
    address = {New York, NY, USA},
    volume = {49},
    number = {4},
    issn = {0362-1340},
    journal = {SIGPLAN Not.},
    month = {feb},
    pages = {333–348},
    numpages = {16},
    keywords = {arm, hypervisors, linux, multicore, operating systems, virtualization}
}



// 预备
A Survey of Soft-Error Mitigation Techniques for Non-Volatile Memories
Processor Design for Soft Errors: Challenges and State of the Art
Fault and Error Tolerance in Neural Networks: A Review
Energy efficient fault tolerance techniques in green cloud computing A systematic survey and taxonomy

// IO
Platform Storage Performance With 3D XPoint Technology (IO层次图)
Locality-Aware Stencil Computations Using Flash SSDs as Main Memory Extension (IO层次图)